<record><leader>00000cas a22000007a 4500</leader><controlfield tag="001">15863333</controlfield><controlfield tag="008">870608d186u1864iauwr ne      0    0eng d</controlfield><datafield ind1=" " ind2=" " tag="010"><subfield code="a">sn 87058296 </subfield></datafield><datafield ind1=" " ind2=" " tag="040"><subfield code="a">INP</subfield><subfield code="b">eng</subfield><subfield code="c">INP</subfield><subfield code="d">OCLCQ</subfield></datafield><datafield ind1=" " ind2=" " tag="042"><subfield code="a">msc</subfield></datafield><datafield ind1="0" ind2=" " tag="130"><subfield code="a">Oskaloosa times (Oskaloosa, Iowa : 1862)</subfield></datafield><datafield ind1="1" ind2="4" tag="245"><subfield code="a">The Oskaloosa times.</subfield></datafield><datafield ind1=" " ind2=" " tag="260"><subfield code="a">Oskaloosa, Iowa :</subfield><subfield code="b">A.A. Wheelock</subfield></datafield><datafield ind1=" " ind2=" " tag="300"><subfield code="a">v.</subfield></datafield><datafield ind1=" " ind2=" " tag="310"><subfield code="a">Weekly</subfield></datafield><datafield ind1="1" ind2=" " tag="362"><subfield code="a">Ceased in 1864.</subfield></datafield><datafield ind1=" " ind2=" " tag="588"><subfield code="a">Description based on: Vol. 8, no. 29 (Aug. 15, 1862).</subfield></datafield><datafield ind1=" " ind2=" " tag="752"><subfield code="a">United States</subfield><subfield code="b">Iowa</subfield><subfield code="c">Mahaska</subfield><subfield code="d">Oskaloosa.</subfield></datafield><datafield ind1="0" ind2="0" tag="780"><subfield code="t">Oskaloosa weekly times</subfield><subfield code="w">(DLC)sn 87058295</subfield></datafield></record>